@Article{	  abraham_summary_98-09,
  author	= "E. R. Abraham and F. N. Thompson",
  title		= "Summary of the capture of seabirds, marine mammals, and
		  turtles in {N}ew {Z}ealand commercial fisheries, 1998--99
		  to 2008--09",
  journal	= "New Zealand Aquatic Environment and Biodiversity Report
		  No. 80",
  year		= "2011",
  note		= "155~p"
}

@Article{	  baker_nzclassification_2010,
  author	= "C. S. Baker and B. L. Chilvers and R. Constantine and S.
		  DuFresne and R. H. Mattlin and A. van~Helden and R.
		  Hitchmough",
  title		= "{Conservation status of New Zealand marine mammals
		  (suborders Cetacea and Pinnipedia), 2009}",
  journal	= "New Zealand Journal of Marine and Freshwater Research",
  year		= "2010",
  volume	= "44",
  pages		= "101--115"
}


@Unpublished{brandao_estimates_2010,
author	="A. Brand{\~a}o and P. Best and D. Butterworth",
  title		= "{Estimates of demographic parameters for southern right whales off South Africa from survey data 1979 to 2006}",
  note		= "{Paper {SC/62/BRG30} presented to the International Whaling
		  Commission Scientific Committee, 2010}",
  year		= "2010"
}

@Misc{		  _birdlife_2009,
  author	= "{Birdlife International}",
  title		= "BirdLife {I}nternational. {S}pecies factsheets.",
  howpublished	= "http://www.birdlife.org",
  year		= "2009",
  lastchecked	= "21 May 2010",
  url		= "http://www.birdlife.org"
}
@Article{	  abello_geographical_2003,
  author	= "P. Abell{\'o} and J. M. Arcos and L. Gil de Sola",
  title		= "Geographical patterns of seabird attendance to a research
		  trawler along the Iberian Mediterranean coast",
  journal	= "Scientia Marina",
  year		= "2003",
  volume	= "67 (Suppl.\ 2)",
  pages		= "69--75"
}


@Book{		  acap_summary_2011b,
  author	= "{Agreement on the Conservation of Albatrosses and Petrels
		  (ACAP)}",
  title		= "{ACAP} summary advice for reducing impact of demersal
		  longlines on seabirds",
  year		= "2011",
  publisher	= "Agreement on the Conservation of Albatrosses and Petrels,
		  Hobart"
}

@InCollection{	  aguilar_fin_2009,
  title		= "Fin whale \emph{Balaenoptera physalus}",
  booktitle	= "Encyclopedia of marine mammals",
  publisher	= "Academic Press",
  author	= "A. Aguilar",
  editor	= "{W. F. Perrin and B. G. W{\"u}rsig and J. G. M.
		  Thewissen}",
  year		= "2009",
  pages		= "433--437",
  address	= "United States"
}

